<?xml version="1.0" encoding="UTF-8"?><collection xmlns="http://www.loc.gov/MARC21/slim"><record><leader>00531nam--2200169-i-4500</leader><controlfield tag="001">000038221</controlfield><controlfield tag="002">20161230</controlfield><controlfield tag="005">20161230201041</controlfield><controlfield tag="008">060222s1000------------r-----000-0-eng-d</controlfield><datafield ind1=" " ind2=" " tag="040"><subfield code="a">IFIN-HH</subfield></datafield><datafield ind1=" " ind2=" " tag="080"><subfield code="a">538.971(043)</subfield></datafield><datafield ind1="1" ind2=" " tag="100"><subfield code="a">Reijnen, Paulus Hermanus Franciscus</subfield></datafield><datafield ind1="1" ind2="0" tag="245"><subfield code="a">Negative ion formation and dissociative chemisorption of diatomic mollecules</subfield><subfield code="b">Dissertation</subfield><subfield code="c">Paulus hermanus franciscus reijnen</subfield></datafield><datafield ind1=" " ind2=" " tag="260"><subfield code="a">Amsterdam</subfield><subfield code="b">Universiteit</subfield><subfield code="c">1990</subfield></datafield><datafield ind1=" " ind2=" " tag="300"><subfield code="a">112P</subfield></datafield><datafield ind1=" " ind2=" " tag="852"><subfield code="a">79822</subfield><subfield code="c">539.2</subfield></datafield><datafield ind1=" " ind2=" " tag="CAT"><subfield code="a">Sys</subfield><subfield code="c">20121203</subfield><subfield code="h">162609</subfield></datafield></record></collection>